@book{rudin1964principles,
  title={Principles of mathematical analysis},
  author={Rudin, Walter},
  edition={3},
  year={1964},
  publisher={McGraw-Hill New York}
}

@book{spivak2008calculus,
  title={Calculus},
  author={Spivak, Michael},
  year={2008},
  publisher={Publish or Perish, Inc. Houston, Texas}
}

@book{apostol1991calculus,
  title={Calculus, Volume 1},
  author={Apostol, Tom M},
  year={1991},
  publisher={John Wiley \& Sons}
}